@inproceedings{fhp+-ucapt-15,
title= {Universal Computation with Arbitrary Polyomino Tiles in Non-Cooperative Self-Assembly},
author= {S{\'a}ndor P. Fekete and Jacob Hendricks and Matthew J. Patitz and Trent A. Rogers and Robert T. Schweller},
year= 2015,
booktitle= {Proceedings of the 26th ACM-SIAM Symposium on Discrete Algorithms (SODA)},
note= {to appear)
}

@phdthesis{Winf98,
  author =	"Erik Winfree",
  title =	"Algorithmic Self-Assembly of {D}{N}{A}",
  school =	"California Institute of Technology",
  year =	"1998",
  month =	"June",
}

@article{WLWS98,
  author = "Eric Winfree and F. Liu and L. Wenzler and N.C. Seeman",
  title = "Design and self-assembly of two-dimensional {DNA} crystals",
  journal = "Nature",
  year = 1998,
  volume = 394,
  pages = "539--544"
  }

@article{LaWiRe99,
  author = "T.H. LaBean and E. Winfree and J.H. Reif",
  title = "Experimental progress in computation by self-assembly of {DNA} tilings",
  journal = "{DNA} Based Computers",
  year = 1999,
  volume = 5,
  pages = "123--140"
  }

@article{ManuchTemp1,
  author = {Ma\v{n}uch, J\'{a}n and Stacho, Ladislav and Stoll, Christine},
  title = {Two lower bounds for self-assemblies at temperature 1},
  journal = {Journal of Computational Biology},
  volume = {17},
  number = {6},
  pages = {841--852},
  year = {2010},
}

@inproceedings{IUNeedsCoop,
  title     = {Intrinsic universality in tile self-assembly requires cooperation},
  author    = {Pierre-Etienne Meunier and
               Matthew J. Patitz and
               Scott M. Summers and
               Guillaume Theyssier and
               Andrew Winslow and
               Damien Woods},
  year = {2014},
  booktitle = {Proceedings of the ACM-SIAM Symposium on Discrete Algorithms (SODA 2014), (Portland, OR, USA, January 5-7, 2014)},
  pages = {752--771},
}

@inproceedings{LSAT1,
  author =   "David Doty and Matthew J. Patitz and Scott M. Summers",
  title =    "Limitations of Self-Assembly at Temperature 1",
  booktitle = "Proceedings of The Fifteenth International Meeting on {D}{N}{A} Computing and Molecular Programming (Fayetteville, Arkansas, USA, June 8-11, 2009)",
  year =     2009,
  pages = "283--294"
}
