@misc{Manzoor2017gitAssemply,
	Author = {Manzoor, Sheryl and Becker, Aaron T.},
	Month = feb,
	Title = {{Particle Assembly}, https://github.com/aabecker/particleComputation/tree/master/assembly},
	Year = {2017}}